75600000         204871831000190                    0312590000027392635 FAE TECNOLOGIA EM SEGURANCA LTBANCOOB                                 21504202516082100000908706250                                                                     
75600011E0440033 204871831000190                    0312590000027392635 FAE TECNOLOGIA EM SEGURANCA LT                                        30092024000000000026761395CFBRL00009                                                              
7560001300001E   204871831000190                    0312590000027392635 FAE TECNOLOGIA EM SEGURANCA LT      DPV00                    S0110202401102024000000000000014980D104240 D텍.TIT.COMPE.EFETI Losan25696049                               
7560001300002E   204871831000190                    0312590000027392635 FAE TECNOLOGIA EM SEGURANCA LT      DPV00                    S0110202401102024000000000000101493D104182 D텍.CNV.EN.ELET.GAS DME m25696069                               
7560001300003E   204871831000190                    0312590000027392635 FAE TECNOLOGIA EM SEGURANCA LT      DPV00                    S0110202401102024000000000000142500D104240 D텍.TIT.COMPE.EFETI Minas25696153                               
7560001300004E   204871831000190                    0312590000027392635 FAE TECNOLOGIA EM SEGURANCA LT      DPV00                    S0110202401102024000000000000186316D104240 D텍.TIT.COMPE.EFETI Supri25696181                               
7560001300005E   204871831000190                    0312590000027392635 FAE TECNOLOGIA EM SEGURANCA LT      DPV00                    S0110202401102024000000000000203700C2097368PIX RECEB.OUTRA IF RecebiPix                                    
7560001300006E   204871831000190                    0312590000027392635 FAE TECNOLOGIA EM SEGURANCA LT      DPV00                    S0110202401102024000000000000019200D1205868PIX EMIT.OUTRA IF PagamenPix                                    
7560001300007E   204871831000190                    0312590000027392635 FAE TECNOLOGIA EM SEGURANCA LT      DPV00                    S0110202401102024000000000000031200D1205868PIX EMIT.OUTRA IF PagamenPix                                    
7560001300008E   204871831000190                    0312590000027392635 FAE TECNOLOGIA EM SEGURANCA LT      DPV00                    S0110202401102024000000000000019200D1205868PIX EMIT.OUTRA IF PagamenPix                                    
7560001300009E   204871831000190                    0312590000027392635 FAE TECNOLOGIA EM SEGURANCA LT      DPV00                    S0110202401102024000000000000018000D1205868PIX EMIT.OUTRA IF PagamenPix                                    
7560001300010E   204871831000190                    0312590000027392635 FAE TECNOLOGIA EM SEGURANCA LT      DPV00                    S0110202401102024000000000000018000D1205868PIX EMIT.OUTRA IF PagamenPix                                    
7560001300011E   204871831000190                    0312590000027392635 FAE TECNOLOGIA EM SEGURANCA LT      DPV00                    S0110202401102024000000000000031200D1205868PIX EMIT.OUTRA IF PagamenPix                                    
7560001300012E   204871831000190                    0312590000027392635 FAE TECNOLOGIA EM SEGURANCA LT      DPV00                    S0110202401102024000000000000018000D1205868PIX EMIT.OUTRA IF PagamenPix                                    
7560001300013E   204871831000190                    0312590000027392635 FAE TECNOLOGIA EM SEGURANCA LT      DPV00                    S0110202401102024000000000000016000D1205868PIX EMIT.OUTRA IF PagamenPix                                    
7560001300014E   204871831000190                    0312590000027392635 FAE TECNOLOGIA EM SEGURANCA LT      DPV00                    S0110202401102024000000000000018000D1205868PIX EMIT.OUTRA IF PagamenPix                                    
7560001300015E   204871831000190                    0312590000027392635 FAE TECNOLOGIA EM SEGURANCA LT      DPV00                    S0110202401102024000000000000018000D1205868PIX EMIT.OUTRA IF PagamenPix                                    
7560001300016E   204871831000190                    0312590000027392635 FAE TECNOLOGIA EM SEGURANCA LT      DPV00                    S0110202401102024000000000000031200D1205868PIX EMIT.OUTRA IF PagamenPix                                    
7560001300017E   204871831000190                    0312590000027392635 FAE TECNOLOGIA EM SEGURANCA LT      DPV00                    S0110202401102024000000000000027600D106158 D텍.TRANSF.POU.INTE 3125 1312932798                             
7560001300018E   204871831000190                    0312590000027392635 FAE TECNOLOGIA EM SEGURANCA LT      DPV00                    S0110202401102024000000000000018000D1205868PIX EMIT.OUTRA IF PagamenPix                                    
7560001300019E   204871831000190                    0312590000027392635 FAE TECNOLOGIA EM SEGURANCA LT      DPV00                    S0110202401102024000000000000180000C2097368PIX RECEB.OUTRA IF RecebiPix                                    
7560001300020E   204871831000190                    0312590000027392635 FAE TECNOLOGIA EM SEGURANCA LT      DPV00                    S0110202401102024000000000000009000C2097368PIX RECEB.OUTRA IF RecebiPix                                    
7560001300021E   204871831000190                    0312590000027392635 FAE TECNOLOGIA EM SEGURANCA LT      DPV00                    S0110202401102024000000000000008500C2097368PIX RECEB.OUTRA IF RecebiPix                                    
7560001300022E   204871831000190                    0312590000027392635 FAE TECNOLOGIA EM SEGURANCA LT      DPV00                    S0110202401102024000000000000008000C2097368PIX RECEB.OUTRA IF RecebiPix                                    
7560001300023E   204871831000190                    0312590000027392635 FAE TECNOLOGIA EM SEGURANCA LT      DPV00                    S0110202401102024000000000000008500C2097368PIX RECEB.OUTRA IF RecebiPix                                    
7560001300024E   204871831000190                    0312590000027392635 FAE TECNOLOGIA EM SEGURANCA LT      DPV00                    S0110202401102024000000000000008000C2097368PIX RECEB.OUTRA IF RecebiPix                                    
7560001300025E   204871831000190                    0312590000027392635 FAE TECNOLOGIA EM SEGURANCA LT      DPV00                    S0110202401102024000000000000005000C2097368PIX RECEB.OUTRA IF RecebiPix                                    
7560001300026E   204871831000190                    0312590000027392635 FAE TECNOLOGIA EM SEGURANCA LT      DPV00                    S0110202401102024000000000000279100D1205868PIX EMIT.OUTRA IF PagamenPix                                    
7560001300027E   204871831000190                    0312590000027392635 FAE TECNOLOGIA EM SEGURANCA LT      DPV00                    S0110202401102024000000000001168544C202800 CR텏.LIQ.COBRAN큐        2178234                                
7560001300028E   204871831000190                    0312590000027392635 FAE TECNOLOGIA EM SEGURANCA LT      DPV00                    S0110202401102024000000000000003780D10549  TARIFA COBRAN큐          2179311                                
7560001300029E   204871831000190                    0312590000027392635 FAE TECNOLOGIA EM SEGURANCA LT      DPV00                    S0210202402102024000000000000019172D104240 D텍.TIT.COMPE.EFETI Modes25696200                               
7560001300030E   204871831000190                    0312590000027392635 FAE TECNOLOGIA EM SEGURANCA LT      DPV00                    S0210202402102024000000000000064000D104240 D텍.TIT.COMPE.EFETI Supri25696218                               
7560001300031E   204871831000190                    0312590000027392635 FAE TECNOLOGIA EM SEGURANCA LT      DPV00                    S0210202402102024000000000000005888C2057068CR CPS VS ELECTRON Stone 1113463105                             
7560001300032E   204871831000190                    0312590000027392635 FAE TECNOLOGIA EM SEGURANCA LT      DPV00                    S0210202402102024000000000000004907C2057065CR CMP MST Stone Pagament1113463106                             
7560001300033E   204871831000190                    0312590000027392635 FAE TECNOLOGIA EM SEGURANCA LT      DPV00                    S0210202402102024000000000000015442C2057070CR CP CR OT BAND Stone Pa1113167401                             
7560001300034E   204871831000190                    0312590000027392635 FAE TECNOLOGIA EM SEGURANCA LT      DPV00                    S0210202402102024000000000000007751C2057067CR CMP VISA Stone Pagamen1113167402                             
7560001300035E   204871831000190                    0312590000027392635 FAE TECNOLOGIA EM SEGURANCA LT      DPV00                    S0210202402102024000000000000006000C2097368PIX RECEB.OUTRA IF RecebiPix                                    
7560001300036E   204871831000190                    0312590000027392635 FAE TECNOLOGIA EM SEGURANCA LT      DPV00                    S0210202402102024000000000000045000C2097368PIX RECEB.OUTRA IF RecebiPix                                    
7560001300037E   204871831000190                    0312590000027392635 FAE TECNOLOGIA EM SEGURANCA LT      DPV00                    S0210202402102024000000000000050000C2097368PIX RECEB.OUTRA IF RecebiPix                                    
7560001300038E   204871831000190                    0312590000027392635 FAE TECNOLOGIA EM SEGURANCA LT      DPV00                    S0210202402102024000000000000003000D1041110EMIS CART SALRIO        211                                    
7560001300039E   204871831000190                    0312590000027392635 FAE TECNOLOGIA EM SEGURANCA LT      DPV00                    S0210202402102024000000000000597828C202800 CR텏.LIQ.COBRAN큐        2180556                                
7560001300040E   204871831000190                    0312590000027392635 FAE TECNOLOGIA EM SEGURANCA LT      DPV00                    S0210202402102024000000000000003379D10549  TARIFA COBRAN큐          2181444                                
7560001300041E   204871831000190                    0312590000027392635 FAE TECNOLOGIA EM SEGURANCA LT      DPV00                    S0310202403102024000000000000016930D104240 D텍.TIT.COMPE.EFETI Alpha25696256                               
7560001300042E   204871831000190                    0312590000027392635 FAE TECNOLOGIA EM SEGURANCA LT      DPV00                    S0310202403102024000000000000046403D104240 D텍.TIT.COMPE.EFETI Modes25696277                               
7560001300043E   204871831000190                    0312590000027392635 FAE TECNOLOGIA EM SEGURANCA LT      DPV00                    S0310202403102024000000000000414413D104186 D텍.CONV.DEM.EMPRES      MASTERCARD                             
7560001300044E   204871831000190                    0312590000027392635 FAE TECNOLOGIA EM SEGURANCA LT      DPV00                    S0310202403102024000000000000140670D1205868PIX EMIT.OUTRA IF PagamenPix                                    
7560001300045E   204871831000190                    0312590000027392635 FAE TECNOLOGIA EM SEGURANCA LT      DPV00                    S0310202403102024000000000000132632D1205868PIX EMIT.OUTRA IF PagamenPix                                    
7560001300046E   204871831000190                    0312590000027392635 FAE TECNOLOGIA EM SEGURANCA LT      DPV00                    S0310202403102024000000000000110003D1205868PIX EMIT.OUTRA IF PagamenPix                                    
7560001300047E   204871831000190                    0312590000027392635 FAE TECNOLOGIA EM SEGURANCA LT      DPV00                    S0310202403102024000000000000141705D1205868PIX EMIT.OUTRA IF PagamenPix                                    
7560001300048E   204871831000190                    0312590000027392635 FAE TECNOLOGIA EM SEGURANCA LT      DPV00                    S0310202403102024000000000000170000D1205868PIX EMIT.OUTRA IF PagamenPix                                    
7560001300049E   204871831000190                    0312590000027392635 FAE TECNOLOGIA EM SEGURANCA LT      DPV00                    S0310202403102024000000000000172154D1205868PIX EMIT.OUTRA IF PagamenPix                                    
7560001300050E   204871831000190                    0312590000027392635 FAE TECNOLOGIA EM SEGURANCA LT      DPV00                    S0310202403102024000000000000129686D1205868PIX EMIT.OUTRA IF PagamenPix                                    
7560001300051E   204871831000190                    0312590000027392635 FAE TECNOLOGIA EM SEGURANCA LT      DPV00                    S0310202403102024000000000000139474D1205868PIX EMIT.OUTRA IF PagamenPix                                    
7560001300052E   204871831000190                    0312590000027392635 FAE TECNOLOGIA EM SEGURANCA LT      DPV00                    S0310202403102024000000000000290000D1205868PIX EMIT.OUTRA IF PagamenPix                                    
7560001300053E   204871831000190                    0312590000027392635 FAE TECNOLOGIA EM SEGURANCA LT      DPV00                    S0310202403102024000000000000140061D1205868PIX EMIT.OUTRA IF PagamenPix                                    
7560001300054E   204871831000190                    0312590000027392635 FAE TECNOLOGIA EM SEGURANCA LT      DPV00                    S0310202403102024000000000000110020D1205868PIX EMIT.OUTRA IF PagamenPix                                    
7560001300055E   204871831000190                    0312590000027392635 FAE TECNOLOGIA EM SEGURANCA LT      DPV00                    S0310202403102024000000000000097614D1205868PIX EMIT.OUTRA IF PagamenPix                                    
7560001300056E   204871831000190                    0312590000027392635 FAE TECNOLOGIA EM SEGURANCA LT      DPV00                    S0310202403102024000000000000070015D1205868PIX EMIT.OUTRA IF PagamenPix                                    
7560001300057E   204871831000190                    0312590000027392635 FAE TECNOLOGIA EM SEGURANCA LT      DPV00                    S0310202403102024000000000000168061D1205868PIX EMIT.OUTRA IF PagamenPix                                    
7560001300058E   204871831000190                    0312590000027392635 FAE TECNOLOGIA EM SEGURANCA LT      DPV00                    S0310202403102024000000000000113771D1205868PIX EMIT.OUTRA IF PagamenPix                                    
7560001300059E   204871831000190                    0312590000027392635 FAE TECNOLOGIA EM SEGURANCA LT      DPV00                    S0310202403102024000000000000005560D1205868PIX EMIT.OUTRA IF PagamenPix                                    
7560001300060E   204871831000190                    0312590000027392635 FAE TECNOLOGIA EM SEGURANCA LT      DPV00                    S0310202403102024000000000000138539D106158 D텍.TRANSF.POU.INTE 3125 1314537075                             
7560001300061E   204871831000190                    0312590000027392635 FAE TECNOLOGIA EM SEGURANCA LT      DPV00                    S0310202403102024000000000000013952D1205868PIX EMIT.OUTRA IF PagamenPix                                    
7560001300062E   204871831000190                    0312590000027392635 FAE TECNOLOGIA EM SEGURANCA LT      DPV00                    S0310202403102024000000000000164109D1205868PIX EMIT.OUTRA IF PagamenPix                                    
7560001300063E   204871831000190                    0312590000027392635 FAE TECNOLOGIA EM SEGURANCA LT      DPV00                    N0310202403102024000000000000125000D114224 SAQUE NA AGENCIA         28                                     
7560001300064E   204871831000190                    0312590000027392635 FAE TECNOLOGIA EM SEGURANCA LT      DPV00                    N0310202403102024000000000000130000D114224 SAQUE NA AGENCIA         29                                     
7560001300065E   204871831000190                    0312590000027392635 FAE TECNOLOGIA EM SEGURANCA LT      DPV00                    N0310202403102024000000000000150000D114224 SAQUE NA AGENCIA         30                                     
7560001300066E   204871831000190                    0312590000027392635 FAE TECNOLOGIA EM SEGURANCA LT      DPV00                    S0310202403102024000000000000186000D1205868PIX EMIT.OUTRA IF PagamenPix                                    
7560001300067E   204871831000190                    0312590000027392635 FAE TECNOLOGIA EM SEGURANCA LT      DPV00                    S0310202403102024000000000000011100D1205868PIX EMIT.OUTRA IF PagamenPix                                    
7560001300068E   204871831000190                    0312590000027392635 FAE TECNOLOGIA EM SEGURANCA LT      DPV00                    S0310202403102024000000000000010000C2097368PIX RECEB.OUTRA IF RecebiPix                                    
7560001300069E   204871831000190                    0312590000027392635 FAE TECNOLOGIA EM SEGURANCA LT      DPV00                    S0310202403102024000000000000133433C202800 CR텏.LIQ.COBRAN큐        2182606                                
7560001300070E   204871831000190                    0312590000027392635 FAE TECNOLOGIA EM SEGURANCA LT      DPV00                    S0310202403102024000000000000001879D10549  TARIFA COBRAN큐          2183504                                
7560001300071E   204871831000190                    0312590000027392635 FAE TECNOLOGIA EM SEGURANCA LT      DPV00                    S0410202404102024000000000000050236D104240 D텍.TIT.COMPE.EFETI Supri25696303                               
7560001300072E   204871831000190                    0312590000027392635 FAE TECNOLOGIA EM SEGURANCA LT      DPV00                    S0410202404102024000000000000097168D104240 D텍.TIT.COMPE.EFETI Supri25696601                               
7560001300073E   204871831000190                    0312590000027392635 FAE TECNOLOGIA EM SEGURANCA LT      DPV00                    S0410202404102024000000000000005813C2057064CR CMP MSTD Stone Pagamen1114572445                             
7560001300074E   204871831000190                    0312590000027392635 FAE TECNOLOGIA EM SEGURANCA LT      DPV00                    S0410202404102024000000000000008000D1205868PIX EMIT.OUTRA IF PagamenPix                                    
7560001300075E   204871831000190                    0312590000027392635 FAE TECNOLOGIA EM SEGURANCA LT      DPV00                    S0410202404102024000000000000110000C2097368PIX RECEB.OUTRA IF RecebiPix                                    
7560001300076E   204871831000190                    0312590000027392635 FAE TECNOLOGIA EM SEGURANCA LT      DPV00                    S0410202404102024000000000000015000C2137302CRED.TR.CT.INTERCRE REM.:3171      CONDOMINIO EDIFICIO VERA CRUZ
7560001300077E   204871831000190                    0312590000027392635 FAE TECNOLOGIA EM SEGURANCA LT      DPV00                    S0410202404102024000000000000013000C2097368PIX RECEB.OUTRA IF RecebiPix                                    
7560001300078E   204871831000190                    0312590000027392635 FAE TECNOLOGIA EM SEGURANCA LT      DPV00                    S0410202404102024000000000000100000D1205868PIX EMIT.OUTRA IF PagamenPix                                    
7560001300079E   204871831000190                    0312590000027392635 FAE TECNOLOGIA EM SEGURANCA LT      DPV00                    S0410202404102024000000000001239336C202800 CR텏.LIQ.COBRAN큐        2184663                                
7560001300080E   204871831000190                    0312590000027392635 FAE TECNOLOGIA EM SEGURANCA LT      DPV00                    S0410202404102024000000000000001656D10549  TARIFA COBRAN큐          2185565                                
7560001300081E   204871831000190                    0312590000027392635 FAE TECNOLOGIA EM SEGURANCA LT      DPV00                    S0710202407102024000000000000204644D104240 D텍.TIT.COMPE.EFETI Supri25696623                               
7560001300082E   204871831000190                    0312590000027392635 FAE TECNOLOGIA EM SEGURANCA LT      DPV00                    S0710202407102024000000000000021504D104240 D텍.TIT.COMPE.EFETI Modes25696652                               
7560001300083E   204871831000190                    0312590000027392635 FAE TECNOLOGIA EM SEGURANCA LT      DPV00                    S0710202407102024000000000000066842D104240 D텍.TIT.COMPE.EFETI Supri25696712                               
7560001300084E   204871831000190                    0312590000027392635 FAE TECNOLOGIA EM SEGURANCA LT      DPV00                    S0710202407102024000000000000018854D104240 D텍.TIT.COMPE.EFETI Supri25696745                               
7560001300085E   204871831000190                    0312590000027392635 FAE TECNOLOGIA EM SEGURANCA LT      DPV00                    S0710202407102024000000000000005470D104240 D텍.TIT.COMPE.EFETI Acia 25696773                               
7560001300086E   204871831000190                    0312590000027392635 FAE TECNOLOGIA EM SEGURANCA LT      DPV00                    S0710202407102024000000000000023961D104207 D텍.TIT.COB.EFETIV We Car25772703                               
7560001300087E   204871831000190                    0312590000027392635 FAE TECNOLOGIA EM SEGURANCA LT      DPV00                    S0710202407102024000000000000029201C2057068CR CPS VS ELECTRON Stone 1115608768                             
7560001300088E   204871831000190                    0312590000027392635 FAE TECNOLOGIA EM SEGURANCA LT      DPV00                    S0710202407102024000000000000027479C2057065CR CMP MST Stone Pagament1115608769                             
7560001300089E   204871831000190                    0312590000027392635 FAE TECNOLOGIA EM SEGURANCA LT      DPV00                    S0710202407102024000000000000008000C2097368PIX RECEB.OUTRA IF RecebiPix                                    
7560001300090E   204871831000190                    0312590000027392635 FAE TECNOLOGIA EM SEGURANCA LT      DPV00                    S0710202407102024000000000000005000C2097368PIX RECEB.OUTRA IF RecebiPix                                    
7560001300091E   204871831000190                    0312590000027392635 FAE TECNOLOGIA EM SEGURANCA LT      DPV00                    S0710202407102024000000000000003000C2097368PIX RECEB.OUTRA IF RecebiPix                                    
7560001300092E   204871831000190                    0312590000027392635 FAE TECNOLOGIA EM SEGURANCA LT      DPV00                    S0710202407102024000000000000203045C202800 CR텏.LIQ.COBRAN큐        2186742                                
7560001300093E   204871831000190                    0312590000027392635 FAE TECNOLOGIA EM SEGURANCA LT      DPV00                    S0710202407102024000000000000001411D10549  TARIFA COBRAN큐          2187751                                
7560001300094E   204871831000190                    0312590000027392635 FAE TECNOLOGIA EM SEGURANCA LT      DPV00                    S0810202408102024000000000000018336D104182 D텍.CNV.EN.ELET.GAS DME l25696824                               
7560001300095E   204871831000190                    0312590000027392635 FAE TECNOLOGIA EM SEGURANCA LT      DPV00                    S0810202408102024000000000000210000D104207 D텍.TIT.COB.EFETIV Alessa25817286                               
7560001300096E   204871831000190                    0312590000027392635 FAE TECNOLOGIA EM SEGURANCA LT      DPV00                    S0810202408102024000000000000085000C2097368PIX RECEB.OUTRA IF RecebiPix                                    
7560001300097E   204871831000190                    0312590000027392635 FAE TECNOLOGIA EM SEGURANCA LT      DPV00                    S0810202408102024000000000000007000C2097368PIX RECEB.OUTRA IF RecebiPix                                    
7560001300098E   204871831000190                    0312590000027392635 FAE TECNOLOGIA EM SEGURANCA LT      DPV00                    S0810202408102024000000000000024817C2097368PIX RECEB.OUTRA IF RecebiPix                                    
7560001300099E   204871831000190                    0312590000027392635 FAE TECNOLOGIA EM SEGURANCA LT      DPV00                    S0810202408102024000000000000007000C2097368PIX RECEB.OUTRA IF RecebiPix                                    
7560001300100E   204871831000190                    0312590000027392635 FAE TECNOLOGIA EM SEGURANCA LT      DPV00                    S0810202408102024000000000000203700C2097368PIX RECEB.OUTRA IF RecebiPix                                    
7560001300101E   204871831000190                    0312590000027392635 FAE TECNOLOGIA EM SEGURANCA LT      DPV00                    S0810202408102024000000000001431003C202800 CR텏.LIQ.COBRAN큐        2189118                                
7560001300102E   204871831000190                    0312590000027392635 FAE TECNOLOGIA EM SEGURANCA LT      DPV00                    S0810202408102024000000000000015351D10549  TARIFA COBRAN큐          2190380                                
7560001300103E   204871831000190                    0312590000027392635 FAE TECNOLOGIA EM SEGURANCA LT      DPV00                    S0910202409102024000000000000126500D104240 D텍.TIT.COMPE.EFETI Supri25696868                               
7560001300104E   204871831000190                    0312590000027392635 FAE TECNOLOGIA EM SEGURANCA LT      DPV00                    S0910202409102024000000000000011286C2057068CR CPS VS ELECTRON Stone 1117244323                             
7560001300105E   204871831000190                    0312590000027392635 FAE TECNOLOGIA EM SEGURANCA LT      DPV00                    S0910202409102024000000000000000981C2057065CR CMP MST Stone Pagament1117244324                             
7560001300106E   204871831000190                    0312590000027392635 FAE TECNOLOGIA EM SEGURANCA LT      DPV00                    S0910202409102024000000000000002000C2097386TRANSF.RECEB-PIX SI REM.:25916076                               
7560001300107E   204871831000190                    0312590000027392635 FAE TECNOLOGIA EM SEGURANCA LT      DPV00                    S0910202409102024000000000000072100D1205868PIX EMIT.OUTRA IF PagamenPix                                    
7560001300108E   204871831000190                    0312590000027392635 FAE TECNOLOGIA EM SEGURANCA LT      DPV00                    S0910202409102024000000000000202968C202800 CR텏.LIQ.COBRAN큐        2191770                                
7560001300109E   204871831000190                    0312590000027392635 FAE TECNOLOGIA EM SEGURANCA LT      DPV00                    S0910202409102024000000000000009451D10549  TARIFA COBRAN큐          2192735                                
7560001300110E   204871831000190                    0312590000027392635 FAE TECNOLOGIA EM SEGURANCA LT      DPV00                    S1010202410102024000000000000008729D104180 D텍.CONV.PREFEITURA IPTU 25696892                               
7560001300111E   204871831000190                    0312590000027392635 FAE TECNOLOGIA EM SEGURANCA LT      DPV00                    S1010202410102024000000000000033730D104240 D텍.TIT.COMPE.EFETI Bater25696968                               
7560001300112E   204871831000190                    0312590000027392635 FAE TECNOLOGIA EM SEGURANCA LT      DPV00                    S1010202410102024000000000000050595D104240 D텍.TIT.COMPE.EFETI Bater25697016                               
7560001300113E   204871831000190                    0312590000027392635 FAE TECNOLOGIA EM SEGURANCA LT      DPV00                    S1010202410102024000000000000008955D104240 D텍.TIT.COMPE.EFETI Segur25771685                               
7560001300114E   204871831000190                    0312590000027392635 FAE TECNOLOGIA EM SEGURANCA LT      DPV00                    S1010202410102024000000000000010301D104240 D텍.TIT.COMPE.EFETI Segur25771729                               
7560001300115E   204871831000190                    0312590000027392635 FAE TECNOLOGIA EM SEGURANCA LT      DPV00                    S1010202410102024000000000000019400D104240 D텍.TIT.COMPE.EFETI Condf25929549                               
7560001300116E   204871831000190                    0312590000027392635 FAE TECNOLOGIA EM SEGURANCA LT      DPV00                    S1010202410102024000000000000000981C2057065CR CMP MST Stone Pagament1117890217                             
7560001300117E   204871831000190                    0312590000027392635 FAE TECNOLOGIA EM SEGURANCA LT      DPV00                    S1010202410102024000000000000004844C2057064CR CMP MSTD Stone Pagamen1117623348                             
7560001300118E   204871831000190                    0312590000027392635 FAE TECNOLOGIA EM SEGURANCA LT      DPV00                    S1010202410102024000000000000001800C2097386TRANSF.RECEB-PIX SI REM.:25933197                               
7560001300119E   204871831000190                    0312590000027392635 FAE TECNOLOGIA EM SEGURANCA LT      DPV00                    S1010202410102024000000000000005000C2097368PIX RECEB.OUTRA IF RecebiPix                                    
7560001300120E   204871831000190                    0312590000027392635 FAE TECNOLOGIA EM SEGURANCA LT      DPV00                    S1010202410102024000000000000307651C202800 CR텏.LIQ.COBRAN큐        2193974                                
7560001300121E   204871831000190                    0312590000027392635 FAE TECNOLOGIA EM SEGURANCA LT      DPV00                    S1010202410102024000000000000001232D10549  TARIFA COBRAN큐          2194989                                
7560001300122E   204871831000190                    0312590000027392635 FAE TECNOLOGIA EM SEGURANCA LT      DPV00                    S1110202411102024000000000000011580D104207 D텍.TIT.COB.EFETIV We car25697045                               
7560001300123E   204871831000190                    0312590000027392635 FAE TECNOLOGIA EM SEGURANCA LT      DPV00                    S1110202411102024000000000000014950D104240 D텍.TIT.COMPE.EFETI Supri25697061                               
7560001300124E   204871831000190                    0312590000027392635 FAE TECNOLOGIA EM SEGURANCA LT      DPV00                    S1110202411102024000000000000021989D104183 D텍.CONV.TELECOMUN. Algar25697074                               
7560001300125E   204871831000190                    0312590000027392635 FAE TECNOLOGIA EM SEGURANCA LT      DPV00                    S1110202411102024000000000000044671D104240 D텍.TIT.COMPE.EFETI Supri25697133                               
7560001300126E   204871831000190                    0312590000027392635 FAE TECNOLOGIA EM SEGURANCA LT      DPV00                    S1110202411102024000000000000057000D104240 D텍.TIT.COMPE.EFETI Bater25697151                               
7560001300127E   204871831000190                    0312590000027392635 FAE TECNOLOGIA EM SEGURANCA LT      DPV00                    S1110202411102024000000000000004907C2057065CR CMP MST Stone Pagament1118664680                             
7560001300128E   204871831000190                    0312590000027392635 FAE TECNOLOGIA EM SEGURANCA LT      DPV00                    S1110202411102024000000000000005888C2057068CR CPS VS ELECTRON Stone 1118664681                             
7560001300129E   204871831000190                    0312590000027392635 FAE TECNOLOGIA EM SEGURANCA LT      DPV00                    S1110202411102024000000000000004844C2057064CR CMP MSTD Stone Pagamen1118323050                             
7560001300130E   204871831000190                    0312590000027392635 FAE TECNOLOGIA EM SEGURANCA LT      DPV00                    S1110202411102024000000000000008000C2097368PIX RECEB.OUTRA IF RecebiPix                                    
7560001300131E   204871831000190                    0312590000027392635 FAE TECNOLOGIA EM SEGURANCA LT      DPV00                    S1110202411102024000000000000001070D114374 COMP MASTER MAESTRO CONCE787506                                 
7560001300132E   204871831000190                    0312590000027392635 FAE TECNOLOGIA EM SEGURANCA LT      DPV00                    S1110202411102024000000000000500000D1175453DEB.TR.CT.DIF.TIT. FAV.: 25964159                               
7560001300133E   204871831000190                    0312590000027392635 FAE TECNOLOGIA EM SEGURANCA LT      DPV00                    S1110202411102024000000000000005000C2097386TRANSF.RECEB-PIX SI REM.:25965473                               
7560001300134E   204871831000190                    0312590000027392635 FAE TECNOLOGIA EM SEGURANCA LT      DPV00                    S1110202411102024000000000000010000C2097368PIX RECEB.OUTRA IF RecebiPix                                    
7560001300135E   204871831000190                    0312590000027392635 FAE TECNOLOGIA EM SEGURANCA LT      DPV00                    S1110202411102024000000000000001070D114374 COMP MASTER MAESTRO CONCE058264                                 
7560001300136E   204871831000190                    0312590000027392635 FAE TECNOLOGIA EM SEGURANCA LT      DPV00                    S1110202411102024000000000001610349C202800 CR텏.LIQ.COBRAN큐        2196297                                
7560001300137E   204871831000190                    0312590000027392635 FAE TECNOLOGIA EM SEGURANCA LT      DPV00                    S1110202411102024000000000000002912D10549  TARIFA COBRAN큐          2197482                                
7560001300138E   204871831000190                    0312590000027392635 FAE TECNOLOGIA EM SEGURANCA LT      DPV00                    S1410202414102024000000000000010658C2057064CR CMP MSTD Stone Pagamen1119016463                             
7560001300139E   204871831000190                    0312590000027392635 FAE TECNOLOGIA EM SEGURANCA LT      DPV00                    S1410202414102024000000000000017274D104240 D텍.TIT.COMPE.EFETI Modes25984353                               
7560001300140E   204871831000190                    0312590000027392635 FAE TECNOLOGIA EM SEGURANCA LT      DPV00                    S1410202414102024000000000000020440D104240 D텍.TIT.COMPE.EFETI Supri25984650                               
7560001300141E   204871831000190                    0312590000027392635 FAE TECNOLOGIA EM SEGURANCA LT      DPV00                    S1410202414102024000000000000026566D104240 D텍.TIT.COMPE.EFETI Modes25984702                               
7560001300142E   204871831000190                    0312590000027392635 FAE TECNOLOGIA EM SEGURANCA LT      DPV00                    S1410202414102024000000000000003000C2097368PIX RECEB.OUTRA IF RecebiPix                                    
7560001300143E   204871831000190                    0312590000027392635 FAE TECNOLOGIA EM SEGURANCA LT      DPV00                    S1410202414102024000000000000515681C202800 CR텏.LIQ.COBRAN큐        2198782                                
7560001300144E   204871831000190                    0312590000027392635 FAE TECNOLOGIA EM SEGURANCA LT      DPV00                    S1410202414102024000000000000000896D10549  TARIFA COBRAN큐          2199740                                
7560001300145E   204871831000190                    0312590000027392635 FAE TECNOLOGIA EM SEGURANCA LT      DPV00                    S1510202415102024000000000000128000D1205868PIX EMIT.OUTRA IF PagamenPix                                    
7560001300146E   204871831000190                    0312590000027392635 FAE TECNOLOGIA EM SEGURANCA LT      DPV00                    S1510202415102024000000000000003600D1205868PIX EMIT.OUTRA IF PagamenPix                                    
7560001300147E   204871831000190                    0312590000027392635 FAE TECNOLOGIA EM SEGURANCA LT      DPV00                    S1510202415102024000000000000035850D1205868PIX EMIT.OUTRA IF PagamenPix                                    
7560001300148E   204871831000190                    0312590000027392635 FAE TECNOLOGIA EM SEGURANCA LT      DPV00                    S1510202415102024000000000000012000C2097368PIX RECEB.OUTRA IF RecebiPix                                    
7560001300149E   204871831000190                    0312590000027392635 FAE TECNOLOGIA EM SEGURANCA LT      DPV00                    S1510202415102024000000000000003000C2097368PIX RECEB.OUTRA IF RecebiPix                                    
7560001300150E   204871831000190                    0312590000027392635 FAE TECNOLOGIA EM SEGURANCA LT      DPV00                    S1510202415102024000000000000039500C2097368PIX RECEB.OUTRA IF RecebiPix                                    
7560001300151E   204871831000190                    0312590000027392635 FAE TECNOLOGIA EM SEGURANCA LT      DPV00                    S1510202415102024000000000000011600D1205868PIX EMIT.OUTRA IF PagamenPix                                    
7560001300152E   204871831000190                    0312590000027392635 FAE TECNOLOGIA EM SEGURANCA LT      DPV00                    S1510202415102024000000000000600000C2097368PIX RECEB.OUTRA IF RecebiPix                                    
7560001300153E   204871831000190                    0312590000027392635 FAE TECNOLOGIA EM SEGURANCA LT      DPV00                    S1510202415102024000000000000050000D1205868PIX EMIT.OUTRA IF PagamenPix                                    
7560001300154E   204871831000190                    0312590000027392635 FAE TECNOLOGIA EM SEGURANCA LT      DPV00                    S1510202415102024000000000000028000D1205868PIX EMIT.OUTRA IF PagamenPix                                    
7560001300155E   204871831000190                    0312590000027392635 FAE TECNOLOGIA EM SEGURANCA LT      DPV00                    S1510202415102024000000000000087500C2097368PIX RECEB.OUTRA IF RecebiPix                                    
7560001300156E   204871831000190                    0312590000027392635 FAE TECNOLOGIA EM SEGURANCA LT      DPV00                    S1510202415102024000000000000006000C2097368PIX RECEB.OUTRA IF RecebiPix                                    
7560001300157E   204871831000190                    0312590000027392635 FAE TECNOLOGIA EM SEGURANCA LT      DPV00                    S1510202415102024000000000000042000D1205868PIX EMIT.OUTRA IF PagamenPix                                    
7560001300158E   204871831000190                    0312590000027392635 FAE TECNOLOGIA EM SEGURANCA LT      DPV00                    S1510202415102024000000000001085998C202800 CR텏.LIQ.COBRAN큐        2201053                                
7560001300159E   204871831000190                    0312590000027392635 FAE TECNOLOGIA EM SEGURANCA LT      DPV00                    S1510202415102024000000000000002262D10549  TARIFA COBRAN큐          2202177                                
7560001300160E   204871831000190                    0312590000027392635 FAE TECNOLOGIA EM SEGURANCA LT      DPV00                    S1610202416102024000000000000025000C2137302CRED.TR.CT.INTERCRE REM.:3171      TEX WORK UNIFORMES PROFISSION
7560001300161E   204871831000190                    0312590000027392635 FAE TECNOLOGIA EM SEGURANCA LT      DPV00                    S1610202416102024000000000000023868D104240 D텍.TIT.COMPE.EFETI Supri26023042                               
7560001300162E   204871831000190                    0312590000027392635 FAE TECNOLOGIA EM SEGURANCA LT      DPV00                    S1610202416102024000000000000064653D104240 D텍.TIT.COMPE.EFETI Supri26023490                               
7560001300163E   204871831000190                    0312590000027392635 FAE TECNOLOGIA EM SEGURANCA LT      DPV00                    S1610202416102024000000000000001000C2097368PIX RECEB.OUTRA IF RecebiPix                                    
7560001300164E   204871831000190                    0312590000027392635 FAE TECNOLOGIA EM SEGURANCA LT      DPV00                    S1610202416102024000000000000008000C2097368PIX RECEB.OUTRA IF RecebiPix                                    
7560001300165E   204871831000190                    0312590000027392635 FAE TECNOLOGIA EM SEGURANCA LT      DPV00                    S1610202416102024000000000000033333C2097368PIX RECEB.OUTRA IF RecebiPix                                    
7560001300166E   204871831000190                    0312590000027392635 FAE TECNOLOGIA EM SEGURANCA LT      DPV00                    S1610202416102024000000000000008000D1205868PIX EMIT.OUTRA IF PagamenPix                                    
7560001300167E   204871831000190                    0312590000027392635 FAE TECNOLOGIA EM SEGURANCA LT      DPV00                    S1610202416102024000000000001001274C202800 CR텏.LIQ.COBRAN큐        2203476                                
7560001300168E   204871831000190                    0312590000027392635 FAE TECNOLOGIA EM SEGURANCA LT      DPV00                    S1610202416102024000000000000003157D10549  TARIFA COBRAN큐          2204544                                
7560001300169E   204871831000190                    0312590000027392635 FAE TECNOLOGIA EM SEGURANCA LT      DPV00                    S1710202417102024000000000000018853D104240 D텍.TIT.COMPE.EFETI Bater26023637                               
7560001300170E   204871831000190                    0312590000027392635 FAE TECNOLOGIA EM SEGURANCA LT      DPV00                    S1710202417102024000000000000000969C2057064CR CMP MSTD Stone Pagamen1121409701                             
7560001300171E   204871831000190                    0312590000027392635 FAE TECNOLOGIA EM SEGURANCA LT      DPV00                    S1710202417102024000000000000200000D1205868PIX EMIT.OUTRA IF PagamenPix                                    
7560001300172E   204871831000190                    0312590000027392635 FAE TECNOLOGIA EM SEGURANCA LT      DPV00                    S1710202417102024000000000000009500C2097368PIX RECEB.OUTRA IF RecebiPix                                    
7560001300173E   204871831000190                    0312590000027392635 FAE TECNOLOGIA EM SEGURANCA LT      DPV00                    S1710202417102024000000000000064026D104183 D텍.CONV.TELECOMUN. Vivo 26040486                               
7560001300174E   204871831000190                    0312590000027392635 FAE TECNOLOGIA EM SEGURANCA LT      DPV00                    N1710202417102024000000000000100000D114224 SAQUE NA AGENCIA         59                                     
7560001300175E   204871831000190                    0312590000027392635 FAE TECNOLOGIA EM SEGURANCA LT      DPV00                    S1710202417102024000000000000003000C2097368PIX RECEB.OUTRA IF RecebiPix                                    
7560001300176E   204871831000190                    0312590000027392635 FAE TECNOLOGIA EM SEGURANCA LT      DPV00                    S1710202417102024000000000000108501D104240 D텍.TIT.COMPE.EFETI Ata h26044260                               
7560001300177E   204871831000190                    0312590000027392635 FAE TECNOLOGIA EM SEGURANCA LT      DPV00                    S1710202417102024000000000000160536C202800 CR텏.LIQ.COBRAN큐        2205733                                
7560001300178E   204871831000190                    0312590000027392635 FAE TECNOLOGIA EM SEGURANCA LT      DPV00                    S1710202417102024000000000000000784D10549  TARIFA COBRAN큐          2206617                                
7560001300179E   204871831000190                    0312590000027392635 FAE TECNOLOGIA EM SEGURANCA LT      DPV00                    S1810202418102024000000000000008000C2097368PIX RECEB.OUTRA IF RecebiPix                                    
7560001300180E   204871831000190                    0312590000027392635 FAE TECNOLOGIA EM SEGURANCA LT      DPV00                    S1810202418102024000000000000019402D104240 D텍.TIT.COMPE.EFETI Modes26060536                               
7560001300181E   204871831000190                    0312590000027392635 FAE TECNOLOGIA EM SEGURANCA LT      DPV00                    S1810202418102024000000000000028900D104240 D텍.TIT.COMPE.EFETI Modes26060563                               
7560001300182E   204871831000190                    0312590000027392635 FAE TECNOLOGIA EM SEGURANCA LT      DPV00                    S1810202418102024000000000000389675D1205868PIX EMIT.OUTRA IF PagamenPix                                    
7560001300183E   204871831000190                    0312590000027392635 FAE TECNOLOGIA EM SEGURANCA LT      DPV00                    S1810202418102024000000000000508604D1205868PIX EMIT.OUTRA IF PagamenPix                                    
7560001300184E   204871831000190                    0312590000027392635 FAE TECNOLOGIA EM SEGURANCA LT      DPV00                    S1810202418102024000000000000001000C2097368PIX RECEB.OUTRA IF RecebiPix                                    
7560001300185E   204871831000190                    0312590000027392635 FAE TECNOLOGIA EM SEGURANCA LT      DPV00                    S1810202418102024000000000001139074C202800 CR텏.LIQ.COBRAN큐        2207705                                
7560001300186E   204871831000190                    0312590000027392635 FAE TECNOLOGIA EM SEGURANCA LT      DPV00                    S1810202418102024000000000000002195D10549  TARIFA COBRAN큐          2208542                                
7560001300187E   204871831000190                    0312590000027392635 FAE TECNOLOGIA EM SEGURANCA LT      DPV00                    S2110202421102024000000000000005000C2097368PIX RECEB.OUTRA IF RecebiPix                                    
7560001300188E   204871831000190                    0312590000027392635 FAE TECNOLOGIA EM SEGURANCA LT      DPV00                    S2110202421102024000000000000008342C2057065CR CMP MST Stone Pagament1123169689                             
7560001300189E   204871831000190                    0312590000027392635 FAE TECNOLOGIA EM SEGURANCA LT      DPV00                    S2110202421102024000000000000008236C2057064CR CMP MSTD Stone Pagamen1122831699                             
7560001300190E   204871831000190                    0312590000027392635 FAE TECNOLOGIA EM SEGURANCA LT      DPV00                    S2110202421102024000000000000004844C2057067CR CMP VISA Stone Pagamen1122831700                             
7560001300191E   204871831000190                    0312590000027392635 FAE TECNOLOGIA EM SEGURANCA LT      DPV00                    S2110202421102024000000000000070000D1205868PIX EMIT.OUTRA IF PagamenPix                                    
7560001300192E   204871831000190                    0312590000027392635 FAE TECNOLOGIA EM SEGURANCA LT      DPV00                    S2110202421102024000000000000080000D1205868PIX EMIT.OUTRA IF PagamenPix                                    
7560001300193E   204871831000190                    0312590000027392635 FAE TECNOLOGIA EM SEGURANCA LT      DPV00                    S2110202421102024000000000000050000D1205868PIX EMIT.OUTRA IF PagamenPix                                    
7560001300194E   204871831000190                    0312590000027392635 FAE TECNOLOGIA EM SEGURANCA LT      DPV00                    S2110202421102024000000000000080000D1205868PIX EMIT.OUTRA IF PagamenPix                                    
7560001300195E   204871831000190                    0312590000027392635 FAE TECNOLOGIA EM SEGURANCA LT      DPV00                    S2110202421102024000000000000105000D1205868PIX EMIT.OUTRA IF PagamenPix                                    
7560001300196E   204871831000190                    0312590000027392635 FAE TECNOLOGIA EM SEGURANCA LT      DPV00                    S2110202421102024000000000000100000D1205868PIX EMIT.OUTRA IF PagamenPix                                    
7560001300197E   204871831000190                    0312590000027392635 FAE TECNOLOGIA EM SEGURANCA LT      DPV00                    S2110202421102024000000000000080000D1205868PIX EMIT.OUTRA IF PagamenPix                                    
7560001300198E   204871831000190                    0312590000027392635 FAE TECNOLOGIA EM SEGURANCA LT      DPV00                    S2110202421102024000000000000050000D1205868PIX EMIT.OUTRA IF PagamenPix                                    
7560001300199E   204871831000190                    0312590000027392635 FAE TECNOLOGIA EM SEGURANCA LT      DPV00                    S2110202421102024000000000000070000D1205868PIX EMIT.OUTRA IF PagamenPix                                    
7560001300200E   204871831000190                    0312590000027392635 FAE TECNOLOGIA EM SEGURANCA LT      DPV00                    S2110202421102024000000000000060000D1205868PIX EMIT.OUTRA IF PagamenPix                                    
7560001300201E   204871831000190                    0312590000027392635 FAE TECNOLOGIA EM SEGURANCA LT      DPV00                    S2110202421102024000000000000150000D1205868PIX EMIT.OUTRA IF PagamenPix                                    
7560001300202E   204871831000190                    0312590000027392635 FAE TECNOLOGIA EM SEGURANCA LT      DPV00                    S2110202421102024000000000000058000C2097368PIX RECEB.OUTRA IF RecebiPix                                    
7560001300203E   204871831000190                    0312590000027392635 FAE TECNOLOGIA EM SEGURANCA LT      DPV00                    S2110202421102024000000000000060000D1205868PIX EMIT.OUTRA IF PagamenPix                                    
7560001300204E   204871831000190                    0312590000027392635 FAE TECNOLOGIA EM SEGURANCA LT      DPV00                    S2110202421102024000000000000050000D1205868PIX EMIT.OUTRA IF PagamenPix                                    
7560001300205E   204871831000190                    0312590000027392635 FAE TECNOLOGIA EM SEGURANCA LT      DPV00                    S2110202421102024000000000000070000D1205868PIX EMIT.OUTRA IF PagamenPix                                    
7560001300206E   204871831000190                    0312590000027392635 FAE TECNOLOGIA EM SEGURANCA LT      DPV00                    S2110202421102024000000000000070000C2097368PIX RECEB.OUTRA IF RecebiPix                                    
7560001300207E   204871831000190                    0312590000027392635 FAE TECNOLOGIA EM SEGURANCA LT      DPV00                    S2110202421102024000000000000040000D1205868PIX EMIT.OUTRA IF PagamenPix                                    
7560001300208E   204871831000190                    0312590000027392635 FAE TECNOLOGIA EM SEGURANCA LT      DPV00                    S2110202421102024000000000000080000D1205868PIX EMIT.OUTRA IF PagamenPix                                    
7560001300209E   204871831000190                    0312590000027392635 FAE TECNOLOGIA EM SEGURANCA LT      DPV00                    S2110202421102024000000000000050000D1205868PIX EMIT.OUTRA IF PagamenPix                                    
7560001300210E   204871831000190                    0312590000027392635 FAE TECNOLOGIA EM SEGURANCA LT      DPV00                    S2110202421102024000000000000070000D1205868PIX EMIT.OUTRA IF PagamenPix                                    
7560001300211E   204871831000190                    0312590000027392635 FAE TECNOLOGIA EM SEGURANCA LT      DPV00                    S2110202421102024000000000000070000D106158 D텍.TRANSF.POU.INTE 3125 1328464266                             
7560001300212E   204871831000190                    0312590000027392635 FAE TECNOLOGIA EM SEGURANCA LT      DPV00                    S2110202421102024000000000000080000D1205868PIX EMIT.OUTRA IF PagamenPix                                    
7560001300213E   204871831000190                    0312590000027392635 FAE TECNOLOGIA EM SEGURANCA LT      DPV00                    S2110202421102024000000000000058000D104203 D텍. TIT. COBRAN큐 Contab26086745                               
7560001300214E   204871831000190                    0312590000027392635 FAE TECNOLOGIA EM SEGURANCA LT      DPV00                    S2110202421102024000000000000008678D104181 D텍.CONV.SANEAMENTO DMAE 26086817                               
7560001300215E   204871831000190                    0312590000027392635 FAE TECNOLOGIA EM SEGURANCA LT      DPV00                    S2110202421102024000000000000012584D104181 D텍.CONV.SANEAMENTO DMAE 26086876                               
7560001300216E   204871831000190                    0312590000027392635 FAE TECNOLOGIA EM SEGURANCA LT      DPV00                    S2110202421102024000000000000032487D104240 D텍.TIT.COMPE.EFETI Supri26087054                               
7560001300217E   204871831000190                    0312590000027392635 FAE TECNOLOGIA EM SEGURANCA LT      DPV00                    S2110202421102024000000000000041170D104240 D텍.TIT.COMPE.EFETI Link 26087088                               
7560001300218E   204871831000190                    0312590000027392635 FAE TECNOLOGIA EM SEGURANCA LT      DPV00                    S2110202421102024000000000000085187D104240 D텍.TIT.COMPE.EFETI Supri26087122                               
7560001300219E   204871831000190                    0312590000027392635 FAE TECNOLOGIA EM SEGURANCA LT      DPV00                    S2110202421102024000000000000010893D104183 D텍.CONV.TELECOMUN. Vivo 26087195                               
7560001300220E   204871831000190                    0312590000027392635 FAE TECNOLOGIA EM SEGURANCA LT      DPV00                    S2110202421102024000000000000011495D104183 D텍.CONV.TELECOMUN. Algar26087228                               
7560001300221E   204871831000190                    0312590000027392635 FAE TECNOLOGIA EM SEGURANCA LT      DPV00                    S2110202421102024000000000000029573D104240 D텍.TIT.COMPE.EFETI Supri26087304                               
7560001300222E   204871831000190                    0312590000027392635 FAE TECNOLOGIA EM SEGURANCA LT      DPV00                    S2110202421102024000000000000082793D104240 D텍.TIT.COMPE.EFETI Ceite26087344                               
7560001300223E   204871831000190                    0312590000027392635 FAE TECNOLOGIA EM SEGURANCA LT      DPV00                    S2110202421102024000000000000500000D1045886TRANSF. PIX SICOOB FAV.: 26089930                               
7560001300224E   204871831000190                    0312590000027392635 FAE TECNOLOGIA EM SEGURANCA LT      DPV00                    S2110202421102024000000000002023572D1045692DB.CONV.TR FD-RFB DAS NAC26092171                               
7560001300225E   204871831000190                    0312590000027392635 FAE TECNOLOGIA EM SEGURANCA LT      DPV00                    S2110202421102024000000000000003000C2097368PIX RECEB.OUTRA IF RecebiPix                                    
7560001300226E   204871831000190                    0312590000027392635 FAE TECNOLOGIA EM SEGURANCA LT      DPV00                    S2110202421102024000000000000541042C202800 CR텏.LIQ.COBRAN큐        2209665                                
7560001300227E   204871831000190                    0312590000027392635 FAE TECNOLOGIA EM SEGURANCA LT      DPV00                    S2110202421102024000000000000001299D10549  TARIFA COBRAN큐          2210615                                
7560001300228E   204871831000190                    0312590000027392635 FAE TECNOLOGIA EM SEGURANCA LT      DPV00                    S2210202422102024000000000000000981C2057068CR CPS VS ELECTRON Stone 1124147133                             
7560001300229E   204871831000190                    0312590000027392635 FAE TECNOLOGIA EM SEGURANCA LT      DPV00                    S2210202422102024000000000000059681C2057064CR CMP MSTD Stone Pagamen1123805512                             
7560001300230E   204871831000190                    0312590000027392635 FAE TECNOLOGIA EM SEGURANCA LT      DPV00                    S2210202422102024000000000000003000C2097368PIX RECEB.OUTRA IF RecebiPix                                    
7560001300231E   204871831000190                    0312590000027392635 FAE TECNOLOGIA EM SEGURANCA LT      DPV00                    S2210202422102024000000000000070000D1045886TRANSF. PIX SICOOB FAV.: 26119636                               
7560001300232E   204871831000190                    0312590000027392635 FAE TECNOLOGIA EM SEGURANCA LT      DPV00                    S2210202422102024000000000000018333D104240 D텍.TIT.COMPE.EFETI Supri26119746                               
7560001300233E   204871831000190                    0312590000027392635 FAE TECNOLOGIA EM SEGURANCA LT      DPV00                    S2210202422102024000000000000024468D104240 D텍.TIT.COMPE.EFETI Modes26119783                               
7560001300234E   204871831000190                    0312590000027392635 FAE TECNOLOGIA EM SEGURANCA LT      DPV00                    S2210202422102024000000000000177635D104240 D텍.TIT.COMPE.EFETI Supri26119841                               
7560001300235E   204871831000190                    0312590000027392635 FAE TECNOLOGIA EM SEGURANCA LT      DPV00                    S2210202422102024000000000000008000D1205868PIX EMIT.OUTRA IF PagamenPix                                    
7560001300236E   204871831000190                    0312590000027392635 FAE TECNOLOGIA EM SEGURANCA LT      DPV00                    S2210202422102024000000000000918278C202800 CR텏.LIQ.COBRAN큐        2211867                                
7560001300237E   204871831000190                    0312590000027392635 FAE TECNOLOGIA EM SEGURANCA LT      DPV00                    S2210202422102024000000000000003068D10549  TARIFA COBRAN큐          2213072                                
7560001300238E   204871831000190                    0312590000027392635 FAE TECNOLOGIA EM SEGURANCA LT      DPV00                    S2310202423102024000000000000000981C2057065CR CMP MST Stone Pagament1124781803                             
7560001300239E   204871831000190                    0312590000027392635 FAE TECNOLOGIA EM SEGURANCA LT      DPV00                    S2310202423102024000000000000025000C2097368PIX RECEB.OUTRA IF RecebiPix                                    
7560001300240E   204871831000190                    0312590000027392635 FAE TECNOLOGIA EM SEGURANCA LT      DPV00                    S2310202423102024000000000000500000D1175453DEB.TR.CT.DIF.TIT. FAV.: 26123283                               
7560001300241E   204871831000190                    0312590000027392635 FAE TECNOLOGIA EM SEGURANCA LT      DPV00                    S2310202423102024000000000000008000C2097368PIX RECEB.OUTRA IF RecebiPix                                    
7560001300242E   204871831000190                    0312590000027392635 FAE TECNOLOGIA EM SEGURANCA LT      DPV00                    S2310202423102024000000000000112500C2097368PIX RECEB.OUTRA IF RecebiPix                                    
7560001300243E   204871831000190                    0312590000027392635 FAE TECNOLOGIA EM SEGURANCA LT      DPV00                    S2310202423102024000000000000200000D1205868PIX EMIT.OUTRA IF PagamenPix                                    
7560001300244E   204871831000190                    0312590000027392635 FAE TECNOLOGIA EM SEGURANCA LT      DPV00                    S2310202423102024000000000000056350D104240 D텍.TIT.COMPE.EFETI Minas26129625                               
7560001300245E   204871831000190                    0312590000027392635 FAE TECNOLOGIA EM SEGURANCA LT      DPV00                    S2310202423102024000000000000208010C202800 CR텏.LIQ.COBRAN큐        2214326                                
7560001300246E   204871831000190                    0312590000027392635 FAE TECNOLOGIA EM SEGURANCA LT      DPV00                    S2310202423102024000000000000001611D10549  TARIFA COBRAN큐          2215116                                
7560001300247E   204871831000190                    0312590000027392635 FAE TECNOLOGIA EM SEGURANCA LT      DPV00                    S2410202424102024000000000000016666D104240 D텍.TIT.COMPE.EFETI Supri26129705                               
7560001300248E   204871831000190                    0312590000027392635 FAE TECNOLOGIA EM SEGURANCA LT      DPV00                    S2410202424102024000000000000144380D104240 D텍.TIT.COMPE.EFETI Supri26129750                               
7560001300249E   204871831000190                    0312590000027392635 FAE TECNOLOGIA EM SEGURANCA LT      DPV00                    S2410202424102024000000000000004877C2057071CR CPS DB OUT BND Stone P1125437237                             
7560001300250E   204871831000190                    0312590000027392635 FAE TECNOLOGIA EM SEGURANCA LT      DPV00                    S2410202424102024000000000000034349C2057065CR CMP MST Stone Pagament1125437238                             
7560001300251E   204871831000190                    0312590000027392635 FAE TECNOLOGIA EM SEGURANCA LT      DPV00                    S2410202424102024000000000000009500C2097368PIX RECEB.OUTRA IF RecebiPix                                    
7560001300252E   204871831000190                    0312590000027392635 FAE TECNOLOGIA EM SEGURANCA LT      DPV00                    S2410202424102024000000000000070000D114227 SAQ S/ CART츒 SAQ.DIG. NO0003ATM                                
7560001300253E   204871831000190                    0312590000027392635 FAE TECNOLOGIA EM SEGURANCA LT      DPV00                    S2410202424102024000000000000006000C2097368PIX RECEB.OUTRA IF RecebiPix                                    
7560001300254E   204871831000190                    0312590000027392635 FAE TECNOLOGIA EM SEGURANCA LT      DPV00                    S2410202424102024000000000000070000C2097368PIX RECEB.OUTRA IF RecebiPix                                    
7560001300255E   204871831000190                    0312590000027392635 FAE TECNOLOGIA EM SEGURANCA LT      DPV00                    S2410202424102024000000000000010000C2097368PIX RECEB.OUTRA IF RecebiPix                                    
7560001300256E   204871831000190                    0312590000027392635 FAE TECNOLOGIA EM SEGURANCA LT      DPV00                    S2410202424102024000000000000677379C202800 CR텏.LIQ.COBRAN큐        2216125                                
7560001300257E   204871831000190                    0312590000027392635 FAE TECNOLOGIA EM SEGURANCA LT      DPV00                    S2410202424102024000000000000000672D10549  TARIFA COBRAN큐          2216902                                
7560001300258E   204871831000190                    0312590000027392635 FAE TECNOLOGIA EM SEGURANCA LT      DPV00                    S2510202425102024000000000000015000C2097368PIX RECEB.OUTRA IF RecebiPix                                    
7560001300259E   204871831000190                    0312590000027392635 FAE TECNOLOGIA EM SEGURANCA LT      DPV00                    S2510202425102024000000000000000489D104180 D텍.CONV.PREFEITURA ISSQN26161009                               
7560001300260E   204871831000190                    0312590000027392635 FAE TECNOLOGIA EM SEGURANCA LT      DPV00                    S2510202425102024000000000000023300D104240 D텍.TIT.COMPE.EFETI Supri26161027                               
7560001300261E   204871831000190                    0312590000027392635 FAE TECNOLOGIA EM SEGURANCA LT      DPV00                    S2510202425102024000000000000036900D104240 D텍.TIT.COMPE.EFETI Alpha26161053                               
7560001300262E   204871831000190                    0312590000027392635 FAE TECNOLOGIA EM SEGURANCA LT      DPV00                    S2510202425102024000000000000134940D104240 D텍.TIT.COMPE.EFETI Minas26161078                               
7560001300263E   204871831000190                    0312590000027392635 FAE TECNOLOGIA EM SEGURANCA LT      DPV00                    S2510202425102024000000000000452031D104240 D텍.TIT.COMPE.EFETI Moni 26161100                               
7560001300264E   204871831000190                    0312590000027392635 FAE TECNOLOGIA EM SEGURANCA LT      DPV00                    S2510202425102024000000000000616702C202800 CR텏.LIQ.COBRAN큐        2217880                                
7560001300265E   204871831000190                    0312590000027392635 FAE TECNOLOGIA EM SEGURANCA LT      DPV00                    S2510202425102024000000000000001299D10549  TARIFA COBRAN큐          2218616                                
7560001300266E   204871831000190                    0312590000027392635 FAE TECNOLOGIA EM SEGURANCA LT      DPV00                    S2810202428102024000000000000053400D1205868PIX EMIT.OUTRA IF PagamenPix                                    
7560001300267E   204871831000190                    0312590000027392635 FAE TECNOLOGIA EM SEGURANCA LT      DPV00                    S2810202428102024000000000000006000D1205868PIX EMIT.OUTRA IF PagamenPix                                    
7560001300268E   204871831000190                    0312590000027392635 FAE TECNOLOGIA EM SEGURANCA LT      DPV00                    S2810202428102024000000000000000969C2057064CR CMP MSTD Stone Pagamen1126546335                             
7560001300269E   204871831000190                    0312590000027392635 FAE TECNOLOGIA EM SEGURANCA LT      DPV00                    S2810202428102024000000000000040000C2097368PIX RECEB.OUTRA IF RecebiPix                                    
7560001300270E   204871831000190                    0312590000027392635 FAE TECNOLOGIA EM SEGURANCA LT      DPV00                    S2810202428102024000000000000022500C2097368PIX RECEB.OUTRA IF RecebiPix                                    
7560001300271E   204871831000190                    0312590000027392635 FAE TECNOLOGIA EM SEGURANCA LT      DPV00                    S2810202428102024000000000000313980D1205868PIX EMIT.OUTRA IF PagamenPix                                    
7560001300272E   204871831000190                    0312590000027392635 FAE TECNOLOGIA EM SEGURANCA LT      DPV00                    S2810202428102024000000000000022050D1175455DB.TR.C.DIF.TIT.INT FAV.:26181816                               
7560001300273E   204871831000190                    0312590000027392635 FAE TECNOLOGIA EM SEGURANCA LT      DPV00                    S2810202428102024000000000000019762D104240 D텍.TIT.COMPE.EFETI Supri26182413                               
7560001300274E   204871831000190                    0312590000027392635 FAE TECNOLOGIA EM SEGURANCA LT      DPV00                    S2810202428102024000000000000029000D104240 D텍.TIT.COMPE.EFETI Supri26182459                               
7560001300275E   204871831000190                    0312590000027392635 FAE TECNOLOGIA EM SEGURANCA LT      DPV00                    S2810202428102024000000000000133921D104240 D텍.TIT.COMPE.EFETI Supri26182491                               
7560001300276E   204871831000190                    0312590000027392635 FAE TECNOLOGIA EM SEGURANCA LT      DPV00                    S2810202428102024000000000000176426D104240 D텍.TIT.COMPE.EFETI Supri26182554                               
7560001300277E   204871831000190                    0312590000027392635 FAE TECNOLOGIA EM SEGURANCA LT      DPV00                    S2810202428102024000000000000008000C2097368PIX RECEB.OUTRA IF RecebiPix                                    
7560001300278E   204871831000190                    0312590000027392635 FAE TECNOLOGIA EM SEGURANCA LT      DPV00                    S2810202428102024000000000000008500C2097368PIX RECEB.OUTRA IF RecebiPix                                    
7560001300279E   204871831000190                    0312590000027392635 FAE TECNOLOGIA EM SEGURANCA LT      DPV00                    S2810202428102024000000000000030000D1205868PIX EMIT.OUTRA IF PagamenPix                                    
7560001300280E   204871831000190                    0312590000027392635 FAE TECNOLOGIA EM SEGURANCA LT      DPV00                    S2810202428102024000000000000194781C202800 CR텏.LIQ.COBRAN큐        2219654                                
7560001300281E   204871831000190                    0312590000027392635 FAE TECNOLOGIA EM SEGURANCA LT      DPV00                    S2810202428102024000000000000001747D10549  TARIFA COBRAN큐          2220569                                
7560001300282E   204871831000190                    0312590000027392635 FAE TECNOLOGIA EM SEGURANCA LT      DPV00                    S2910202429102024000000000000040788D104240 D텍.TIT.COMPE.EFETI Supri26182650                               
7560001300283E   204871831000190                    0312590000027392635 FAE TECNOLOGIA EM SEGURANCA LT      DPV00                    S2910202429102024000000000000142500D104240 D텍.TIT.COMPE.EFETI Minas26182673                               
7560001300284E   204871831000190                    0312590000027392635 FAE TECNOLOGIA EM SEGURANCA LT      DPV00                    S2910202429102024000000000000009814C2057065CR CMP MST Stone Pagament1127826828                             
7560001300285E   204871831000190                    0312590000027392635 FAE TECNOLOGIA EM SEGURANCA LT      DPV00                    S2910202429102024000000000000005888C2057068CR CPS VS ELECTRON Stone 1127826829                             
7560001300286E   204871831000190                    0312590000027392635 FAE TECNOLOGIA EM SEGURANCA LT      DPV00                    S2910202429102024000000000000000975C2057071CR CPS DB OUT BND Stone P1127826830                             
7560001300287E   204871831000190                    0312590000027392635 FAE TECNOLOGIA EM SEGURANCA LT      DPV00                    S2910202429102024000000000000042526C2057064CR CMP MSTD Stone Pagamen1127577424                             
7560001300288E   204871831000190                    0312590000027392635 FAE TECNOLOGIA EM SEGURANCA LT      DPV00                    S2910202429102024000000000000170000D114227 SAQ S/ CART츒 SAQ.DIG. NO0003ATM                                
7560001300289E   204871831000190                    0312590000027392635 FAE TECNOLOGIA EM SEGURANCA LT      DPV00                    S2910202429102024000000000000003600D1205868PIX EMIT.OUTRA IF PagamenPix                                    
7560001300290E   204871831000190                    0312590000027392635 FAE TECNOLOGIA EM SEGURANCA LT      DPV00                    S2910202429102024000000000000435712C202800 CR텏.LIQ.COBRAN큐        2221753                                
7560001300291E   204871831000190                    0312590000027392635 FAE TECNOLOGIA EM SEGURANCA LT      DPV00                    S2910202429102024000000000000001411D10549  TARIFA COBRAN큐          2222702                                
7560001300292E   204871831000190                    0312590000027392635 FAE TECNOLOGIA EM SEGURANCA LT      DPV00                    S3010202430102024000000000000013433D104240 D텍.TIT.COMPE.EFETI Zuric26182784                               
7560001300293E   204871831000190                    0312590000027392635 FAE TECNOLOGIA EM SEGURANCA LT      DPV00                    S3010202430102024000000000000021311D104240 D텍.TIT.COMPE.EFETI Modes26182824                               
7560001300294E   204871831000190                    0312590000027392635 FAE TECNOLOGIA EM SEGURANCA LT      DPV00                    S3010202430102024000000000000054305D104240 D텍.TIT.COMPE.EFETI Supri26182844                               
7560001300295E   204871831000190                    0312590000027392635 FAE TECNOLOGIA EM SEGURANCA LT      DPV00                    S3010202430102024000000000000132894C2057064CR CMP MSTD Stone Pagamen1128226804                             
7560001300296E   204871831000190                    0312590000027392635 FAE TECNOLOGIA EM SEGURANCA LT      DPV00                    S3010202430102024000000000000010000C2097368PIX RECEB.OUTRA IF RecebiPix                                    
7560001300297E   204871831000190                    0312590000027392635 FAE TECNOLOGIA EM SEGURANCA LT      DPV00                    S3010202430102024000000000000002000D1205868PIX EMIT.OUTRA IF PagamenPix                                    
7560001300298E   204871831000190                    0312590000027392635 FAE TECNOLOGIA EM SEGURANCA LT      DPV00                    S3010202430102024000000000000090630C202800 CR텏.LIQ.COBRAN큐        2223783                                
7560001300299E   204871831000190                    0312590000027392635 FAE TECNOLOGIA EM SEGURANCA LT      DPV00                    S3010202430102024000000000000004631D10549  TARIFA COBRAN큐          2224548                                
7560001300300E   204871831000190                    0312590000027392635 FAE TECNOLOGIA EM SEGURANCA LT      DPV00                    S3110202431102024000000000000011295D104240 D텍.TIT.COMPE.EFETI Modes26182891                               
7560001300301E   204871831000190                    0312590000027392635 FAE TECNOLOGIA EM SEGURANCA LT      DPV00                    S3110202431102024000000000000037396D104240 D텍.TIT.COMPE.EFETI Supri26182934                               
7560001300302E   204871831000190                    0312590000027392635 FAE TECNOLOGIA EM SEGURANCA LT      DPV00                    S3110202431102024000000000000004826C2057070CR CP CR OT BAND Stone Pa1128984490                             
7560001300303E   204871831000190                    0312590000027392635 FAE TECNOLOGIA EM SEGURANCA LT      DPV00                    S3110202431102024000000000000008000C2097368PIX RECEB.OUTRA IF RecebiPix                                    
7560001300304E   204871831000190                    0312590000027392635 FAE TECNOLOGIA EM SEGURANCA LT      DPV00                    S3110202431102024000000000000025000C2097368PIX RECEB.OUTRA IF RecebiPix                                    
7560001300305E   204871831000190                    0312590000027392635 FAE TECNOLOGIA EM SEGURANCA LT      DPV00                    S3110202431102024000000000000075066C202800 CR텏.LIQ.COBRAN큐        2225542                                
7560001300306E   204871831000190                    0312590000027392635 FAE TECNOLOGIA EM SEGURANCA LT      DPV00                    S3110202431102024000000000000001344D10549  TARIFA COBRAN큐          2226657                                
75600015         204871831000190                    0312590000027392635                 00000000000000000000000000000000000000000000000000000031102024000000000028218569CF000308000000000015971018000000000017428192                            
75699999         000001000310000001                                                                                                                                                                                                             